=LDR  03313cas a2200817 i 4500
=001  016025410
=003  Uk
=005  20221231145122.0
=006  m\\\\\\\\d\|\\\\\\
=007  cr||||||||||||
=008  120207c20139999enktr\p\s\\\\\0\\\a0eng\\
=FMT  \\$a  SE
=015  \\$aGBB859518$2bnb
=022  0\$a2049-7121$202
=037  \\$a???$bSpringer
=040  \\$aUk$beng$cUk$dUk$erda
=042  \\$aissnuk$aukblsr
=082  04$a306.05$223
=222  \0$aAmerican journal of cultural sociology$b(Online)
=245  00$aAmerican journal of cultural sociology.
=246  13$aAJCS
=264  \1$aBasingstoke, Hampshire :$bPalgrave Macmillan
=264  31$a[Basingstoke, Hampshire] :$bSpringer Nature
=310  \\$aThree issues yearly
=336  \\$atext$2rdacontent
=337  \\$acomputer$2rdamedia
=338  \\$aonline resource$2rdacarrier
=362  0\$aPrint began in 2013.
=588  \\$aDescription based on: print record version.
=588  \\$aLatest issue consulted: volume 6, issue 1 (February 2018) (Publisher's website, viewed March 27, 2018).
=540  \\$aCurrent copyright fee: GBP29.95$c22\1$5Uk
=650  \0$aCulture$vPeriodicals.
=650  \0$aSociology$vPeriodicals.
=776  08$iAlso issued in print as:$tAmerican journal of cultural sociology$x2049-7113
=856  40$31850-9999$uhttp://www.palgrave.com/home/index.asp$xBLDSS
=859  \\$aELD$bejournal
=859  \\$aXLD$bejournal
=859  \\$aORR$bejournal
=856  4\$uhttp://www.palgrave-journals.com/ajcs/index.html
=856  40$uhttps://link.springer.com/journal//41290
=852  41$aBritish Library$bHMNTS$jELD Digital store$3Volume 5:Issue 1(2017)-***Previous issues available in print copy
=945  \\$aAmerican journal of cultural sociology.
=959  \\$fHeld but not currently received
=979  \\$aBritish Library$bDSC$j0824.215000N
=985  \\$aISSN title from table of contents page (Palgrave Macmillan viewed September 23, 2013).
=CAT  \\$a11313$b40$c20120207$lBLL01$h1334
=CAT  \\$a11205$b40$c20130923$lBLL01$h1607
=CAT  \\$a14412$b40$c20180109$lBLL01$h1553
=CAT  \\$a5552$b40$c20180308$lBLL01$h1227
=CAT  \\$aBLDSS-3PM$b00$c20180315$lBLL01$h1208
=CAT  \\$aBATCH-UPD$b00$c20180315$lBLL01$h1208
=CAT  \\$a5110$b40$c20180403$lBLL01$h1553
=CAT  \\$a5552$b40$c20180822$lBLL01$h0852
=CAT  \\$aBATCH-UPD$b40$c20180829$lBLL01$h0048
=CAT  \\$a5552$b40$c20190510$lBLL01$h1045
=CAT  \\$a5552$b40$c20190510$lBLL01$h1055
=CAT  \\$a8055$b40$c20200812$lBLL01$h1229
=CAT  \\$aCDS21$c20220118$lBLL01$h1105
=CAT  \\$aBATCH-UPD$b00$c20221121$lBLL01$h1405
=CAT  \\$aIPL-CLA$c20221231$lBLL01$h1451
=CFI  0\$aCurrent copyright fee: GBP29.95$c22\1$e01-jan-2023$fGBP29.95$g0$hP$5Uk
=CFI  2\$aPrevious copyright fee: GBP34.00$c22\1$e22-aug-2018$fGBP34.00$g0$hP$5Uk
=FFP  \\$aY$bBLDSS-3PM
=FIN  \\$aY$d20130923
=LET  \0$aAmerican journal of cultural sociology (Online)
=LKR  \\$aPAR$b016025394$lBLL01$nAmerican journal of cultural sociology (Print)$mAmerican journal of cultural sociology (Online)$r776
=MNI  \\$a2049-7113
=TOC  \\$aETOC
=UNO  \\$aY
=ACF  \\$aPrevious copyright fee: GBP30.74$c39\0$e08-mar-2018$fGBP30.74$g0$hP$5Uk
=LAS  \\$aIPL-CLA$b00$c20221231$lBLL01$h1451

